<record><leader>00000cas a22000007a 4500</leader><controlfield tag="001">11991700</controlfield><controlfield tag="008">850502d18701871iauwr ne      0    0eng d</controlfield><datafield ind1=" " ind2=" " tag="010"><subfield code="a">sn 85049584 </subfield></datafield><datafield ind1=" " ind2=" " tag="040"><subfield code="a">INP</subfield><subfield code="b">eng</subfield><subfield code="c">INP</subfield><subfield code="d">OCLCQ</subfield><subfield code="d">DLC</subfield></datafield><datafield ind1=" " ind2=" " tag="042"><subfield code="a">msc</subfield></datafield><datafield ind1="0" ind2="0" tag="245"><subfield code="a">Webster City freeman.</subfield></datafield><datafield ind1="1" ind2="3" tag="246"><subfield code="a">Freeman</subfield><subfield code="f">&lt;July 20, 1870-Dec. 20, 1871&gt;</subfield></datafield><datafield ind1=" " ind2=" " tag="260"><subfield code="a">Webster City, Hamilton County, Iowa :</subfield><subfield code="b">J.D. Hunter</subfield></datafield><datafield ind1=" " ind2=" " tag="300"><subfield code="a">v. :</subfield><subfield code="b">ill. ;</subfield><subfield code="c">65 cm.</subfield></datafield><datafield ind1=" " ind2=" " tag="310"><subfield code="a">Weekly</subfield></datafield><datafield ind1="1" ind2=" " tag="362"><subfield code="a">Began in July 1870; ceased in Dec. 1871.</subfield><subfield code="z">Cf. Bibl. of Iowa newspapers.</subfield></datafield><datafield ind1=" " ind2=" " tag="588"><subfield code="a">Description based on: Vol. 12, no. 2 (July 20, 1870).</subfield></datafield><datafield ind1=" " ind2=" " tag="752"><subfield code="a">United States</subfield><subfield code="b">Iowa</subfield><subfield code="c">Hamilton</subfield><subfield code="d">Webster City.</subfield></datafield><datafield ind1="0" ind2="0" tag="780"><subfield code="t">Hamilton freeman (Webster City, Iowa : 1857)</subfield><subfield code="w">(DLC)sn 84038469</subfield></datafield><datafield ind1="0" ind2="0" tag="785"><subfield code="t">Hamilton freeman (Webster City, Iowa : 1872)</subfield><subfield code="w">(DLC)sn 84038470</subfield></datafield></record>